@Article{SuDuaZhe2001,
  author  = {Y.X. Su and B.Y. Duan and C.H. Zheng},
  date    = {2001},
  title   = {Genetic design of kinematically optimal fine tuning {Stewart} platform for large spherical radio telescope},
  doi     = {10.1016/S0957-4158(00)00041-6},
  issn    = {0957-4158},
  number  = {7},
  pages   = {821--835},
  volume  = {11},
  journal = {Mechatronics},
}

@InProceedings{TartariFilhoCab2005,
  author    = {Tartari Filho, Sylvio Celso and Cabral, Eduardo Lobo Lustosa},
  booktitle = {18th International Congress of Mechanical Engineering},
  title     = {Kinematics and workspace analysis of a parallel architecture robot: the {H}exa},
  location  = {Ouro Preto, MG, Brazil},
  url       = {http://www.abcm.org.br/symposium-series/SSM_Vol2/Section_III_Robotics/SSM2_III_01.pdf},
  year      = {2005},
}

@Article{WanDinYaoWu2018,
  author    = {Wan, Jun and Ding, Li and Yao, Jiafeng and Wu, Hongtao},
  title     = {A hybrid {CHAOS-PSO} algorithm for dimensional synthesis of a redundant manipulator based on tracking trajectories without or with singularities},
  doi       = {10.1007/s11740-018-0837-9},
  pages     = {579--587},
  volume    = {12},
  journal   = {Production Engineering},
  publisher = {Springer},
  year      = {2018},
}

@Article{OenWan2007,
  author  = {Ka-Tjun Oen and Li-Chun T. Wang},
  title   = {Optimal dynamic trajectory planning for linearly actuated platform type parallel manipulators having task space redundant degree of freedom},
  doi     = {10.1016/j.mechmachtheory.2006.05.006},
  issn    = {0094-114X},
  number  = {6},
  pages   = {727--750},
  volume  = {42},
  journal = {Mechanism and Machine Theory},
  year    = {2007},
}


@InProceedings{SchapplerOrt2021,
  author    = {Schappler, Moritz and Ortmaier, Tobias},
  booktitle = {18th International Conference on Informatics in Control, Automation and Robotics (ICINCO)},
  title     = {Singularity-Avoidance of Task-Redundant Robots in Pointing Tasks: On Nullspace Projection and Cardan Angles as Orientation Coordinates},
  doi       = {10.5220/0010621103380349},
  note      = {The author's version of the accepted manuscript is available at \url{https://doi.org/10.15488/15154} without registration.},
  keywords  = {EigenePublikation},
  year      = {2021},
}

@Article{YangYeLi2022,
  author  = {Chao Yang and Wei Ye and Qinchuan Li},
  title   = {Review of the performance optimization of parallel manipulators},
  doi     = {10.1016/j.mechmachtheory.2022.104725},
  issn    = {0094-114X},
  pages   = {104725},
  volume  = {170},
  journal = {Mechanism and Machine Theory},
  year    = {2022},
}

@Article{AnderssonGilHorRaw2019,
  author    = {Joel A E Andersson and Joris Gillis and Greg Horn and James B Rawlings and Moritz Diehl},
  date      = {2019},
  title     = {{CasADi} -- {A} software framework for nonlinear optimization and optimal control},
  doi       = {10.1007/s12532-018-0139-4},
  note      = {A tutorial on parallel robots is given at \url{https://www.youtube.com/watch?v=5Fpi_C0w2lg}},
  number    = {1},
  pages     = {1--36},
  volume    = {11},
  journal   = {Mathematical Programming Computation},
  publisher = {Springer},
}


% My own publications

@InProceedings{SchapplerOrt2020,
  author    = {Schappler, Moritz and Ortmaier, Tobias},
  booktitle = {6. IFToMM D-A-CH Konferenz 2020},
  title     = {Dimensional Synthesis of Parallel Robots: Unified Kinematics and Dynamics using Full Kinematic Constraints},
  doi       = {10.17185/duepublico/71211},
  keywords  = {EigenePublikation},
  xnote     = {\textsc{Matlab} code to produce the results is available at \url{https://github.com/SchapplM/robsynth-paper_iftommdach2020}},
  year      = {2020},
}

@Article{SantosSil2017,
  author  = {João Cavacanti Santos and Maíra Martins da Silva},
  title   = {Redundancy Resolution of Kinematically Redundant Parallel Manipulators Via Differential Dynamic Programing},
  doi     = {10.1115/1.4036739},
  issn    = {1942-4302},
  number  = {4},
  volume  = {9},
  journal = {Journal of Mechanisms and Robotics},
  year    = {2017},
}


@Article{ZhouBai2015,
  author    = {Zhou, Lelai and Bai, Shaoping},
  title     = {A new approach to design of a lightweight anthropomorphic arm for service applications},
  doi       = {10.1115/1.4028292},
  number    = {3},
  pages     = {031001},
  volume    = {7},
  journal   = {Journal of Mechanisms and Robotics},
  publisher = {American Society of Mechanical Engineers},
  year      = {2015},
}

@InProceedings{KotlarskiDoHeiOrt2010,
  author    = {Kotlarski, Jens and Do Thanh, Trung and Heimann, Bodo and Ortmaier, Tobias},
  booktitle = {2010 IEEE International Conference on Robotics and Automation (ICRA)},
  title     = {Optimization strategies for additional actuators of kinematically redundant parallel kinematic machines},
  pages     = {656--661},
  year      = {2010},
}

@InProceedings{AlbaGomezWenPam2005,
  author    = {Alba-Gomez, Ofelia and Wenger, Philippe and Pamanes, Alfonso},
  booktitle = {International Design Engineering Technical Conferences and Computers and Information in Engineering Conference},
  date      = {2005},
  title     = {Consistent kinetostatic indices for planar 3-DOF parallel manipulators, application to the optimal kinematic inversion},
  doi       = {10.1115/DETC2005-84326},
  pages     = {765--774},
  volume    = {47446},
}

@Article{PastorBobHucGru2021,
  author         = {Pastor, Robert and Bobovský, Zdenko and Huczala, Daniel and Grushko, Stefan},
  date           = {2021},
  title          = {Genetic Optimization of a Manipulator: Comparison between Straight, Rounded, and Curved Mechanism Links},
  doi            = {10.3390/app11062471},
  issn           = {2076-3417},
  number         = {6},
  url            = {https://www.mdpi.com/2076-3417/11/6/2471},
  volume         = {11},
  article-number = {2471},
  journal        = {Applied Sciences},
}

@Article{WangZhaCheHua2017,
  author  = {Hao Wang and Linsong Zhang and Genliang Chen and Shunzhou Huang},
  title   = {Parameter optimization of heavy-load parallel manipulator by introducing stiffness distribution evaluation index},
  doi     = {10.1016/j.mechmachtheory.2016.10.011},
  issn    = {0094-114X},
  pages   = {244--259},
  volume  = {108},
  journal = {Mechanism and Machine Theory},
  year    = {2017},
}

@Article{SalunkheMicKumSan2022,
  author  = {Durgesh Haribhau Salunkhe and Guillaume Michel and Shivesh Kumar and Marcello Sanguineti and Damien Chablat},
  title   = {An efficient combined local and global search strategy for optimization of parallel kinematic mechanisms with joint limits and collision constraints},
  doi     = {10.1016/j.mechmachtheory.2022.104796},
  issn    = {0094-114X},
  pages   = {104796},
  volume  = {173},
  journal = {Mechanism and Machine Theory},
  year    = {2022},
}

@Book{HuangLiDin2012,
  author    = {Huang, Zhen and Li, Qinchuan and Ding, Huafeng},
  title     = {Theory of parallel mechanisms},
  doi       = {10.1007/978-94-007-4201-7},
  publisher = {Springer Science \& Business Media},
  volume    = {6},
  year      = {2012},
}

@Article{LiuHuaMeiZha2012,
  author  = {Liu, Songtao and Huang, Tian and Mei, Jiangping and Zhao, Xueman and Wang, Panfeng and Chetwynd, Derek G.},
  date    = {2012-07},
  title   = {Optimal Design of a 4-{DOF} {SCARA} Type Parallel Robot Using Dynamic Performance Indices and Angular Constraints},
  doi     = {10.1115/1.4006743},
  issn    = {1942-4302},
  number  = {3},
  volume  = {4},
  journal = {Journal of Mechanisms and Robotics},
}


@Book{KhalilDom2002,
  author    = {W. Khalil and E. Dombre},
  title     = {Modeling, Identification and Control of Robots},
  doi       = {10.1016/B978-1-903996-66-9.X5000-3},
  publisher = {Hermes Penton Science},
  groups    = {textbooks},
  year      = {2002},
}

@Article{YunLi2011,
  author  = {Yuan Yun and Yangmin Li},
  title   = {Optimal design of a 3-{PUPU} parallel robot with compliant hinges for micromanipulation in a cubic workspace},
  doi     = {10.1016/j.rcim.2011.05.001},
  issn    = {0736-5845},
  number  = {6},
  pages   = {977--985},
  volume  = {27},
  journal = {Robotics and Computer-Integrated Manufacturing},
  year    = {2011},
}

@InProceedings{SpielbergAraSunTed2017,
  author       = {Spielberg, Andrew and Araki, Brandon and Sung, Cynthia and Tedrake, Russ and Rus, Daniela},
  booktitle    = {2017 IEEE International Conference on Robotics and Automation (ICRA)},
  title        = {Functional co-optimization of articulated robots},
  doi          = {10.1109/ICRA.2017.7989587},
  organization = {IEEE},
  pages        = {5035--5042},
  year         = {2017},
}


@Article{PatelSob2015a,
  author    = {Patel, Sarosh and Sobh, Tarek},
  title     = {Task based synthesis of serial manipulators},
  doi       = {10.1016/j.jare.2014.12.006},
  number    = {3},
  pages     = {479--492},
  volume    = {6},
  journal   = {Journal of advanced research},
  publisher = {Elsevier},
  year      = {2015},
}


@Article{RevelesWenoth2016,
  author    = {Daniel {Reveles R.} and J. Alfonso {Pamanes G.} and Philippe Wenger},
  title     = {Trajectory planning of kinematically redundant parallel manipulators by using multiple working modes},
  doi       = {10.1016/j.mechmachtheory.2015.09.011},
  pages     = {216--230},
  volume    = {98},
  journal   = {Mechanism and Machine Theory},
  publisher = {Elsevier},
  year      = {2016},
}

@Article{RussoRaiDonAxi2021,
  author    = {Russo, Matteo and Raimondi, Luca and Dong, Xin and Axinte, Dragos and Kell, James},
  title     = {Task-oriented optimal dimensional synthesis of robotic manipulators with limited mobility},
  doi       = {10.1016/j.rcim.2020.102096},
  pages     = {102096},
  volume    = {69},
  journal   = {Robotics and Computer-Integrated Manufacturing},
  publisher = {Elsevier},
  year      = {2021},
}

@Article{StockMil2003,
  author  = {Stock, Michael and Miller, Karol},
  title   = {Optimal kinematic design of spatial parallel manipulators: application to linear {Delta} robot},
  doi     = {10.1115/1.1563632},
  number  = {2},
  pages   = {292--301},
  volume  = {125},
  journal = {J. Mech. Des.},
  year    = {2003},
}

@InCollection{StechertFraVie2010,
  author    = {Stechert, Carsten and Franke, Hans-Joachim and Vietor, Thomas},
  booktitle = {Robotic Systems for Handling and Assembly},
  title     = {Knowledge-Based Design Principles and Tools for Parallel Robots},
  doi       = {10.1007/978-3-642-16785-0_4},
  pages     = {59--75},
  publisher = {Springer},
  year      = {2010},
}

@TechReport{VDI2221,
  author      = {{VDI (Verein Deutscher Ingenieure)}},
  institution = {{VDI}},
  title       = {VDI 2221:2019, Design of technical products and systems - Model of product design},
  type        = {Standard},
  publisher   = {Beuth Verlag GmbH, Berlin, Germany},
  year        = {2019},
}

@Article{GibertiFer2015,
  author  = {Hermes Giberti and Davide Ferrari},
  title   = {A novel hardware-in-the-loop device for floating offshore wind turbines and sailing boats},
  doi     = {10.1016/j.mechmachtheory.2014.10.012},
  issn    = {0094-114X},
  pages   = {82--105},
  volume  = {85},
  journal = {Mechanism and Machine Theory},
  year    = {2015},
}


@Article{PetterssonOel2009,
  author    = {Pettersson, Marcus and Ölvander, Johan},
  title     = {Drive train optimization for industrial robots},
  doi       = {10.1109/TRO.2009.2028764},
  number    = {6},
  pages     = {1419--1424},
  volume    = {25},
  journal   = {IEEE Transactions on Robotics},
  publisher = {IEEE},
  year      = {2009},
}


@Book{Gogu2008,
  author    = {Gogu, Grigore},
  title     = {Structural Synthesis of Parallel Robots, Part 1: Methodology},
  doi       = {10.1007/978-1-4020-5710-6},
  publisher = {Springer},
  volume    = {866},
  year      = {2008},
}

@Article{MaaroofDedAyd2022,
  author         = {Maaroof, Omar W. and Dede, Mehmet Ismet Can and Aydin, Levent},
  date           = {2022},
  title          = {A Robot Arm Design Optimization Method by Using a Kinematic Redundancy Resolution Technique},
  doi            = {10.3390/robotics11010001},
  issn           = {2218-6581},
  number         = {1},
  volume         = {11},
  article-number = {1},
  journal        = {Robotics},
  publisher      = {Multidisciplinary Digital Publishing Institute},
}


@Article{CeccarelliLan2004,
  author  = {Ceccarelli, Marco and Lanni, Chiara},
  title   = {A multi-objective optimum design of general 3R manipulators for prescribed workspace limits},
  doi     = {10.1016/S0094-114X(03)00109-5},
  number  = {2},
  pages   = {119--132},
  volume  = {39},
  journal = {Mechanism and Machine Theory},
  year    = {2004},
}

% References to literature

@Book{Merlet2006,
  author    = {Merlet, Jean-Pierre},
  title     = {Parallel Robots},
  doi       = {10.1007/1-4020-4133-0},
  edition   = {2nd},
  publisher = {Springer Science \& Business Media},
  series    = {Solid Mechanics and Its Applications},
  volume    = {128},
  year      = {2006},
}


@WWW{MatlabAS,
  author  = {{MathWorks (The MathWorks, Inc.)}},
  title   = {Alpha Shape Algorithm},
  url     = {https://mathworks.com/help/matlab/ref/alphashape.html},
  urldate = {2024-10-31},
  xxnote  = {accessed at 31st of October, 2024},
}

@Article{ZhouBaiHan2011,
  author    = {Zhou, Lelai and Bai, Shaoping and Hansen, Michael Rygaard},
  title     = {Design optimization on the drive train of a light-weight robotic arm},
  doi       = {10.1016/j.mechatronics.2011.02.004},
  number    = {3},
  pages     = {560--569},
  volume    = {21},
  journal   = {Mechatronics},
  publisher = {Elsevier},
  year      = {2011},
}

@InProceedings{TanLiaFanZha2019,
  author    = {S. {Tan} and F. {Liang} and J. {Fan} and Y. {Zhang} and Z. {Lin}},
  booktitle = {Proc. Chinese Control Conf. (CCC)},
  title     = {Optimization Design for Structure Parameters of Six Degree-of-Freedom ({DOF}) Positioner of Secondary Mirror in a Space Optical Remote Sensor Based on {ADAMS}},
  doi       = {10.23919/ChiCC.2019.8866631},
  pages     = {7201--7205},
  issn      = {1934-1768},
  month     = {jul},
  year      = {2019},
}

@Article{BaumgaertnerKanFle2023,
  author  = {Baumgärtner, Jan and Kanagalingam, Gajanan and Fleischer, Alexander Puchtaand Jürgen},
  title   = {One Problem, One Solution: Unifying Robot and Environment Design Optimization},
  doi     = {10.48550/arXiv.2310.05520},
  journal = {arXiv preprint arXiv:2310.05520},
  year    = {2023},
}

@Article{SinhaMalDeb2017,
  author    = {Sinha, Ankur and Malo, Pekka and Deb, Kalyanmoy},
  title     = {A review on bilevel optimization: From classical to evolutionary approaches and applications},
  doi       = {10.1109/TEVC.2017.2712906},
  number    = {2},
  pages     = {276--295},
  volume    = {22},
  journal   = {IEEE Transactions on Evolutionary Computation},
  publisher = {IEEE},
  year      = {2017},
}

@Article{LaribiRomZeg2007,
  author  = {M.A. Laribi and L. Romdhane and S. Zeghloul},
  title   = {Analysis and dimensional synthesis of the {DELTA} robot for a prescribed workspace},
  doi     = {10.1016/j.mechmachtheory.2006.06.012},
  issn    = {0094-114X},
  number  = {7},
  pages   = {859--870},
  volume  = {42},
  comment = {Literaturbewertung: Entwrf einer PKM für einen gegebenen Arbeitsraum ist schwierig},
  journal = {Mechanism and Machine Theory},
  year    = {2007},
}

@Article{Merlet2006a,
  author    = {Merlet, Jean-Pierre},
  title     = {Jacobian, manipulability, condition number, and accuracy of parallel robots},
  doi       = {10.1115/1.2121740},
  number    = {1},
  pages     = {199--206},
  volume    = {128},
  journal   = {Journal of Mechanical Design},
  publisher = {American Society of Mechanical Engineers},
  year      = {2006},
}

@Article{StechertFra2009,
  author  = {C. Stechert and H.-J. Franke},
  title   = {Managing requirements as the core of multi-disciplinary product development},
  doi     = {10.1016/j.cirpj.2008.09.008},
  issn    = {1755-5817},
  number  = {3},
  pages   = {153-158},
  volume  = {1},
  comment = {Mehr zitiert als StechertFraVie2010, aber ähnlicher Inhalt.},
  journal = {CIRP Journal of Manufacturing Science and Technology},
  year    = {2009},
}

@Article{WhitmanCho2018,
  author    = {Whitman, Julian and Choset, Howie},
  title     = {Task-specific manipulator design and trajectory synthesis},
  doi       = {10.1109/LRA.2018.2890206},
  number    = {2},
  pages     = {301--308},
  volume    = {4},
  journal   = {IEEE Robotics and Automation Letters},
  publisher = {IEEE},
  year      = {2018},
}

@WWW{Martinez2019,
  author  = {Víctor Martínez},
  title   = {Matlab implementation of the multi-objective particle-swarm optimization from \cite{Mezura-MontesCoe2011}},
  url     = {https://mathworks.com/matlabcentral/fileexchange/62074-multi-objective-particle-swarm-optimization-mopso},
  note    = {Default parameters are obtained from the file example.m.},
  urldate = {2025-02-21},
  year    = {2019},
}


@InCollection{FrindtKreHes2010,
  author    = {Frindt, Matthias and Krefft, Mathias and Hesselbach, Jürgen},
  booktitle = {Robotic Systems for Handling and Assembly},
  title     = {Structure and type synthesis of parallel manipulators},
  doi       = {10.1007/978-3-642-16785-0_2},
  pages     = {17--37},
  publisher = {Springer},
  year      = {2010},
}

@InProceedings{StechertFra2007,
  author    = {Stechert, C. and Franke, H.-J.},
  booktitle = {The Future of Product Development},
  title     = {Requirement-oriented Configuration of Parallel Robotic Systems},
  doi       = {10.1007/978-3-540-69820-3_26},
  editor    = {Krause, Frank-Lothar},
  isbn      = {978-3-540-69820-3},
  location  = {Berlin, Heidelberg},
  pages     = {259--268},
  publisher = {Springer Berlin Heidelberg},
  year      = {2007},
}

@PhdThesis{Prause2016,
  author = {Prause, Isabel},
  title  = {Task-Based Comparison of Parallel Translational Kinematic Structures},
  doi    = {10.18154/RWTH-2017-07102},
  type   = {{PhD} thesis},
  school = {RWTH Aachen},
  year   = {2016},
}

@Article{SinglaTriRakDas2010,
  author    = {Singla, Ekta and Tripathi, Suryamani and Rakesh, Venkataramani and Dasgupta, Bhaskar},
  title     = {Dimensional synthesis of kinematically redundant serial manipulators for cluttered environments},
  doi       = {10.1016/j.robot.2009.12.005},
  number    = {5},
  pages     = {585--595},
  volume    = {58},
  journal   = {Robotics and Autonomous Systems},
  publisher = {Elsevier},
  year      = {2010},
}

@Article{ConkurBuc1997,
  author    = {E. Sahin Conkur and Rob Buckingham},
  date      = {1997},
  title     = {Clarifying the definition of redundancy as used in robotics},
  doi       = {10.1017/s0263574797000672},
  issn      = {0263-5747},
  pages     = {583--586},
  volume    = {15},
  journal   = {Robotica},
  publisher = {Cambridge University Press},
}

@Article{SunLia2018,
  author  = {Tao Sun and Binbin Lian},
  title   = {Stiffness and mass optimization of parallel kinematic machine},
  doi     = {10.1016/j.mechmachtheory.2017.09.014},
  issn    = {0094-114X},
  pages   = {73--88},
  volume  = {120},
  journal = {Mechanism and Machine Theory},
  year    = {2018},
}


@PhdThesis{Frindt2001,
  author    = {Frindt, Matthias},
  title     = {Modulbasierte Synthese von Parallelstrukturen für Maschinen in der Produktionstechnik (Module-based synthesis of parallel structures for machines in production technology)},
  note      = {Parts are published in English in \cite{FrindtKreHes2010}},
  type      = {{PhD} thesis},
  publisher = {Vulkan-Verlag},
  school    = {Technische Universität Braunschweig},
  year      = {2001},
}

@Article{PetuyaMacAltPin2014,
  author    = {Petuya, Víctor and Macho, Erik and Altuzarra, Oscar and Pinto, Charles and Hernandez, Alfonso},
  title     = {Educational software tools for the kinematic analysis of mechanisms},
  doi       = {10.1002/cae.20532},
  number    = {1},
  pages     = {72--86},
  volume    = {22},
  journal   = {Computer Applications in Engineering Education},
  publisher = {Wiley Online Library},
  year      = {2014},
}

@Article{BriotBur2023,
  author    = {Briot, Sébastien and Burgner-Kahrs, Jessica},
  title     = {New Frontiers in Parallel Robotics},
  doi       = {10.3389/frobt.2023.1282798},
  pages     = {1282798},
  volume    = {10},
  journal   = {Frontiers in Robotics and AI},
  publisher = {Frontiers},
  year      = {2023},
}


@Book{KongGos2007,
  author    = {Kong, Xianwen and Gosselin, Clément M.},
  title     = {Type synthesis of parallel mechanisms},
  doi       = {10.1007/978-3-540-71990-8},
  publisher = {Springer Publishing Company, Incorporated},
  year      = {2007},
}


@InProceedings{Schappler2023_ICINCOLNEE,
  author    = {Schappler, Moritz},
  booktitle = {Informatics in Control, Automation and Robotics},
  title     = {Pose Optimization of Task-Redundant Robots in Second-Order Rest-to-Rest Motion with Cascaded Dynamic Programming and Nullspace Projection},
  doi       = {10.1007/978-3-031-26474-0_6},
  editor    = {Gusikhin, Oleg and Madani, Kurosh and Nijmeijer, Henk},
  location  = {Cham},
  note      = {The author's version of the accepted manuscript is available at \url{https://doi.org/10.15488/15181} free of charge.},
  pages     = {106--131},
  publisher = {Springer International Publishing},
  year      = {2023},
}


@InProceedings{TarkianPerOelFen2011,
  author    = {Tarkian, Mehdi and Persson, Johan and {\"O}lvander, Johan and Feng, Xiaolong},
  booktitle = {Proceedings of the ASME 2011 International Design Engineering Technical Conferences \& Computers and Information in Engineering Conference IDETC/CIE. Washington, DC},
  title     = {Multidisciplinary design optimization of modular industrial robots},
  doi       = {10.1115/DETC2011-48196},
  year      = {2011},
}

@TechReport{VDI2206,
  author      = {{VDI (Verein Deutscher Ingenieure)}},
  institution = {{VDI}},
  title       = {VDI 2206:2021, Development of mechatronic and cyber-physical systems},
  type        = {Standard},
  publisher   = {Beuth Verlag GmbH, Berlin, Germany},
  year        = {2021},
}

@WWW{SymetrieHexapods,
  author  = {Symétrie},
  title   = {{Motion Hexapods - Notus}},
  url     = {https://symetrie.fr/en/hexapods/notus/},
  note    = {accessed at 31st of October, 2024},
  urldate = {2024-10-31},
  xxnote  = {accessed at 31st of October, 2024},
}


@Article{Jordehi2015,
  author    = {Jordehi, A Rezaee},
  title     = {A review on constraint handling strategies in particle swarm optimisation},
  doi       = {10.1007/s00521-014-1808-5},
  number    = {6},
  pages     = {1265--1275},
  volume    = {26},
  journal   = {Neural Computing and Applications},
  publisher = {Springer},
  year      = {2015},
}

@InProceedings{HassanCohDeVen2005,
  author    = {Hassan, Rania and Cohanim, Babak and De Weck, Olivier and Venter, Gerhard},
  booktitle = {46th AIAA/ ASME/ ASCE/ AHS/ ASC structures, structural dynamics and materials conference},
  title     = {A comparison of particle swarm optimization and the genetic algorithm},
  doi       = {10.2514/6.2005-1897},
  pages     = {1897},
  year      = {2005},
}

@PhdThesis{Daake2012,
  author = {von Daake, Andreas},
  title  = {Beitrag zur Kalibrierung und anforderungsbasierten Arbeitsraumoptimierung parallelkinematischer Manipulatoren in Hexapodbauweise},
  isbn   = {978-3-86948-227-9},
  type   = {{PhD} thesis},
  school = {Technische Universität Clausthal},
  year   = {2012},
}


@InProceedings{Schappler2022_ARK3T1R,
  author       = {Schappler, Moritz},
  booktitle    = {International Symposium on Advances in Robot Kinematics},
  title        = {Inverse Kinematics for Task Redundancy of Symmetric 3T1R Parallel Manipulators using Tait-Bryan-Angle Kinematic Constraints},
  doi          = {10.1007/978-3-031-08140-8_22},
  note         = {The author's version of the accepted manuscript is available at \url{https://doi.org/10.15488/12464} free of charge.},
  organization = {Springer},
  year         = {2022},
}

@MastersThesis{Fettin2023_M1174,
  author   = {Fettin, Jannik},
  title    = {Entwurf und Konstruktion einer parallelkinematischen Maschine für meerestechnische Anwendungen (Design and Construction of a Parallel Kinematic Machine for Applications in Ocean Engineering)},
  note     = {co-supervision. Primary supervision at LUH's Ludwig Franzius Institute of Hydraulic, Estuarine and Coastal Engineering. Published online at \url{https://doi.org/10.15488/18307}},
  type     = {Master's thesis},
  keywords = {StudentischeArbeiten},
  school   = {LUH/IMES},
  year     = {2023},
}

@Article{PrauseChaCor2015,
  author    = {Prause, Isabel and Charaf Eddine, Sami and Corves, Burkhard},
  title     = {Comparison of parallel kinematic machines with three translational degrees of freedom and linear actuation},
  doi       = {10.3901/CJME.2015.0128.052},
  pages     = {841--850},
  volume    = {28},
  journal   = {Chinese Journal of Mechanical Engineering},
  publisher = {Springer},
  year      = {2015},
}

@Article{XuLi2009,
  author    = {Xu, Qingsong and Li, Yangmin},
  title     = {Error analysis and optimal design of a class of translational parallel kinematic machine using particle swarm optimization},
  doi       = {10.1017/S0263574708004530},
  number    = {1},
  pages     = {67--78},
  volume    = {27},
  journal   = {Robotica},
  publisher = {Cambridge University Press},
  year      = {2009},
}

@Article{GinnanteSimCarLeb2023,
  author    = {Ginnante, Angelica and Simetti, Enrico and Caro, Stéphane and Leborne, François},
  title     = {Task priority based design optimization of a kinematic redundant robot},
  doi       = {10.1016/j.mechmachtheory.2023.105374},
  pages     = {105374},
  volume    = {187},
  journal   = {Mechanism and Machine Theory},
  publisher = {Elsevier},
  year      = {2023},
}

@Article{BenHamidaLarMliRom2021,
  author  = {Ben Hamida, I. and Laribi, M. A. and Mlika, A. and Romdhane, L. and Zeghloul, S.},
  title   = {Dimensional Synthesis and Performance Evaluation of Four Translational Parallel Manipulators},
  doi     = {10.1017/S026357472000034X},
  number  = {2},
  pages   = {233--249},
  volume  = {39},
  journal = {Robotica},
  year    = {2021},
}

@InProceedings{HansenOeltMeiOrt2012,
  author    = {Hansen, C. and Öltjen, J. and Meike, D. and Ortmaier, T.},
  booktitle = {Proceedings of the 2012 IEEE International Conference on Automation Science and Engineering (CASE 2012)},
  title     = {Enhanced Approach for Energy-Efficient Trajectory Generation of Industrial Robots},
  doi       = {10.1109/CoASE.2012.6386343},
  address   = {Seoul, South Korea},
  year      = {2012},
}

@Article{MayerKueAlt2022,
  author  = {Mayer, Matthias and Külz, Jonathan and Althoff, Matthias},
  title   = {{CoBRA}: A Composable Benchmark for Robotics Applications},
  doi     = {10.48550/arXiv.2203.09337},
  comment = {Open-Source Datenbank für Robotersynthese},
  journal = {arXiv preprint arXiv:2203.09337},
  year    = {2022},
}


@Article{CarboneOttCec2007,
  author  = {Carbone, G. and Ottaviano, E. and Ceccarelli, M.},
  title   = {An optimum design procedure for both serial and parallel manipulators},
  doi     = {10.1243/0954406JMES367},
  number  = {7},
  pages   = {529--843},
  volume  = {221},
  journal = {Proceedings of the Institution of Mechanical Engineers Part C Journal of Mechanical Engineering Science},
  year    = {2007},
}

@Article{LouZhaHuaChe2013,
  author    = {Lou, Yunjiang and Zhang, Yongsheng and Huang, Ruining and Chen, Xin and Li, Zexiang},
  title     = {Optimization algorithms for kinematically optimal design of parallel manipulators},
  doi       = {10.1109/TASE.2013.2259817},
  number    = {2},
  pages     = {574--584},
  volume    = {11},
  journal   = {IEEE Transactions on Automation Science and Engineering},
  publisher = {IEEE},
  year      = {2013},
}

@Article{RussoZhaLiuXie2024,
  author    = {Russo, Matteo and Zhang, Dan and Liu, Xin-Jun and Xie, Zenghui},
  title     = {A review of parallel kinematic machine tools: Design, modeling, and applications},
  doi       = {10.1016/j.ijmachtools.2024.104118},
  pages     = {104118},
  journal   = {International Journal of Machine Tools and Manufacture},
  publisher = {Elsevier},
  year      = {2024},
}


@Article{Mezura-MontesCoe2011,
  author    = {Mezura-Montes, Efrén and Coello, Carlos A Coello},
  title     = {Constraint-handling in nature-inspired numerical optimization: past, present and future},
  doi       = {10.1016/j.swevo.2011.10.001},
  number    = {4},
  pages     = {173--194},
  volume    = {1},
  journal   = {Swarm and Evolutionary Computation},
  publisher = {Elsevier},
  year      = {2011},
}

@PhdThesis{Kirchner2000,
  author = {Kirchner, Jan},
  title  = {Mehrkriterielle Optimierung von Parallelkinematiken (Multi-Criterial Optimization of Parallel Kinematics)},
  type   = {{PhD} thesis},
  school = {Technische Universität Chemnitz},
  year   = {2000},
}


@WWW{HeidenheinEncoder,
  author  = {{Heidenhein (Dr. Johannes Heidenhain GmbH)}},
  title   = {{Angle encoder modules, MRP series}},
  url     = {https://www.heidenhain.com/products/angle-encoders/modules/mrp},
  urldate = {2024-10-31},
  xxnote  = {accessed at 31st of October, 2024},
}

@Article{LaraMolinaRosDum2010,
  author  = {F.A. Lara-Molina and J.M. Rosario and D. Dumur},
  date    = {2010},
  title   = {Multi-objective design of parallel manipulator using global indices},
  doi     = {10.2174/1874155X01004010037},
  number  = {1},
  volume  = {4},
  journal = {The Open Mechanical Engineering Journal},
}

@Article{DingCaoCaiKec2015,
  author    = {Huafeng Ding and Wenao Cao and Changwang Cai and Andrés Kecskeméthy},
  date      = {2015},
  title     = {Computer-aided structural synthesis of 5-{DOF} parallel mechanisms and the establishment of kinematic structure databases},
  doi       = {10.1016/j.mechmachtheory.2014.08.013},
  issn      = {0094-114X},
  number    = {6},
  pages     = {14-30},
  volume    = {83},
  journal   = {Robotica},
  publisher = {Cambridge University Press},
}

@InProceedings{FioreGib2016,
  author       = {Fiore, Enrico and Giberti, Hermes},
  booktitle    = {MATEC web of conferences},
  title        = {Optimization and comparison between two 6-{DoF} parallel kinematic machines for {HIL} simulations in wind tunnel},
  doi          = {10.1051/matecconf/20164504012},
  organization = {EDP Sciences},
  pages        = {04012},
  volume       = {45},
  year         = {2016},
}

@Article{KelaiaiaComZaa2012,
  author  = {Kelaiaia, R. and Company, O. and Zaatri, A.},
  title   = {Multiobjective optimization of a linear {Delta} parallel robot},
  doi     = {10.1016/j.mechmachtheory.2011.11.004},
  number  = {0},
  pages   = {159 - 178},
  volume  = {50},
  journal = {Mechanism and Machine Theory},
  year    = {2012},
}

@Article{ShaoZhaCar2023,
  author         = {Shao, Zhufeng and Zhang, Dan and Caro, Stéphane},
  title          = {New Frontiers in Parallel Robots},
  doi            = {10.3390/machines11030386},
  issn           = {2075-1702},
  number         = {3},
  volume         = {11},
  article-number = {386},
  journal        = {MDPI Machines},
  year           = {2023},
}


@Article{LegerAng2016,
  author    = {Léger, J. and Angeles, J.},
  title     = {Off-line programming of six-axis robots for optimum five-dimensional tasks},
  pages     = {155--169},
  volume    = {100},
  journal   = {Mechanism and Machine Theory},
  publisher = {Elsevier},
  year      = {2016},
}

@WWW{LUISCLUSTER,
  author  = {{LUIS (Leibniz Universität IT Services)}},
  title   = {Hardware specifications of cluster compute nodes},
  url     = {https://docs.cluster.uni-hannover.de/doku.php?id=resources:computing_hardware},
  urldate = {2024-10-31},
  xxnote  = {accessed at 31st of October, 2024},
}

@Article{JamwalHusXie2015,
  author  = {P. K. Jamwal and S. Hussain and S. Q. Xie},
  title   = {Three-Stage Design Analysis and Multicriteria Optimization of a Parallel Ankle Rehabilitation Robot Using Genetic Algorithm},
  doi     = {10.1109/TASE.2014.2331241},
  issn    = {1558-3783},
  number  = {4},
  pages   = {1433--1446},
  volume  = {12},
  journal = {IEEE Transactions on Automation Science and Engineering},
  month   = {oct},
  year    = {2015},
}

@InProceedings{ShillerSun1991,
  author       = {Shiller, Zvi and Sundar, Satish},
  booktitle    = {Robotics and Automation, 1991. Proceedings., 1991 IEEE International Conference on},
  title        = {Design of robotic manipulators for optimal dynamic performance},
  doi          = {10.1109/ROBOT.1991.132065},
  organization = {IEEE},
  pages        = {334--339},
  year         = {1991},
}


@Article{LucesMilBen2017,
  author  = {Mario Luces and James K. Mills and Beno Benhabib},
  title   = {A Review of Redundant Parallel Kinematic Mechanisms},
  doi     = {10.1007/s10846-016-0430-4},
  issn    = {0921-0296},
  pages   = {175--198},
  volume  = {86},
  journal = {Journal of Intelligent \& Robotic Systems},
  year    = {2017},
}

@Article{KivelaeMatPuu2017,
  author    = {Kivelä, Tuomo and Mattila, Jouni and Puura, Jussi},
  title     = {A generic method to optimize a redundant serial robotic manipulator's structure},
  doi       = {10.1016/j.autcon.2017.06.006},
  pages     = {172--179},
  volume    = {81},
  groups    = {Maßsynthese},
  journal   = {Automation in Construction},
  publisher = {Elsevier},
  year      = {2017},
}

@Article{Censi2015,
  author  = {Censi, Andrea},
  title   = {A mathematical theory of co-design},
  doi     = {10.48550/arXiv.1512.08055},
  journal = {arXiv preprint 1512.08055},
  year    = {2015},
}

@Book{SciaviccoSicVilOri2009,
  author    = {Sciavicco, L and Siciliano, B and Villani, L and Oriolo, G},
  title     = {Robotics: Modelling, planning and Control},
  doi       = {10.1007/978-1-84628-642-1},
  publisher = {Berlin, Germany: Springer-Verlag},
  series    = {Advanced Textbooks in Control and Signal Processing},
  groups    = {textbooks},
  year      = {2009},
}

@Book{Zhang2009,
  author    = {Zhang, Dan},
  title     = {Parallel robotic machine tools},
  doi       = {10.1007/978-1-4419-1117-9},
  publisher = {Springer Science \& Business Media},
  year      = {2009},
}

@InProceedings{MohammadSeeSch2024,
  author    = {Mohammad, Aran and Seel, Thomas and Schappler, Moritz},
  booktitle = {2024 VDI-Mechatronik-Konferenz},
  title     = {Towards Optimized Parallel Robots for Human-Robot Collaboration by Combined Structural and Dimensional Synthesis},
  doi       = {10.15488/17952},
  year      = {2024},
}


@Article{ChedmailGau1990,
  author    = {Chedmail, P and Gautier, M},
  title     = {Optimum choice of robot actuators},
  doi       = {10.1115/1.2899600},
  number    = {4},
  pages     = {361--367},
  volume    = {112},
  journal   = {Journal of engineering for industry},
  publisher = {American Society of Mechanical Engineers},
  year      = {1990},
}

@Article{GibertiLaResPar2018,
  author    = {Giberti, Hermes and La Mura, Francesco and Resmini, Gabriele and Parmeggiani, Marco},
  title     = {Fully mechatronical design of an {HIL} system for floating devices},
  doi       = {10.3390/robotics7030039},
  number    = {3},
  pages     = {39},
  volume    = {7},
  journal   = {MDPI Robotics},
  publisher = {MDPI},
  year      = {2018},
}

@InProceedings{SterneckFetSch2023,
  author    = {Sterneck, Tim and Fettin, Jannik and Schappler, Moritz},
  booktitle = {Proceedings of the 2nd IFToMM for Sustainable Development Goals Workshop (I4SDG Workshop 2023)},
  title     = {Task-Specific Synthesis and Design of a Mobile Six-{DoF} {Hexa} Parallel Robot for Weed Control},
  doi       = {10.1007/978-3-031-32439-0_13},
  editor    = {Petuya, Victor and Quaglia, Giuseppe and Parikyan, Tigran and Carbone, Giuseppe},
  isbn      = {978-3-031-32439-0},
  note      = {The author's version of the accepted manuscript is available at \url{https://doi.org/10.15488/15184} free of charge.},
  pages     = {105--114},
  publisher = {Springer Nature Switzerland},
  address   = {Cham},
  year      = {2023},
}

@InProceedings{SchapplerJahRaaOrt2022,
  author    = {Schappler, Moritz and Jahn, Philipp and Raatz, Annika and Ortmaier, Tobias},
  booktitle = {Annals of Scientific Society for Assembly, Handling and Industrial Robotics},
  title     = {Combined Structural and Dimensional Synthesis of a Parallel Robot for Cryogenic Handling Tasks},
  doi       = {10.1007/978-3-030-74032-0_6},
  editor    = {Schüppstuhl, Thorsten and Tracht, Kirsten and Henrich, Dominik},
  isbn      = {978-3-030-74032-0},
  publisher = {Springer Berlin Heidelberg},
  address   = {Berlin, Heidelberg},
  keywords  = {EigenePublikation},
  xxnote    = {\textsc{Matlab} code to produce the results is available at \url{https://github.com/SchapplM/robsynth-paper_mhi2021}},
  year      = {2022},
}

@PhdThesis{Dinev2023,
  author = {Dinev, Traiko Cvetanov},
  title  = {Concurrent design and motion planning in robotics using differentiable optimal control},
  doi    = {10.7488/era/3781},
  school = {University of Edinburgh, School of Informatics},
  year   = {2023},
}


@InCollection{CorinaldiAngCal2016,
  author    = {Corinaldi, David and Angeles, Jorge and Callegari, Massimo},
  booktitle = {Advances in Robot Kinematics 2016},
  title     = {Posture optimization of a functionally redundant parallel robot},
  doi       = {10.1007/978-3-319-56802-7_11},
  pages     = {101--108},
  publisher = {Springer},
  year      = {2016},
}


@PhdThesis{Ramirez2018,
  author = {Daniel Andres Ramirez},
  title  = {Automatic Generation of Task-specific Serial Mechanisms using Combined Structural and Dimensional Synthesis},
  doi    = {10.15488/4571},
  school = {Gottfried Wilhelm Leibniz Universität Hannover},
  year   = {2018},
}

@Book{Neugebauer2006,
  title     = {{Parallelkinematische Maschinen: Entwurf, Konstruktion, Anwendung}},
  doi       = {10.1007/3-540-29939-4},
  editor    = {Neugebauer, Reimund},
  isbn      = {3-540-20991-3},
  publisher = {Springer},
  series    = {VDI-Buch},
  address   = {Berlin and Heidelberg},
  year      = {2006},
}

@Article{HuoBar2008,
  author    = {Huo, Liguo and Baron, Luc},
  date      = {2008},
  title     = {The joint-limits and singularity avoidance in robotic welding},
  doi       = {10.1108/01439910810893626},
  number    = {5},
  pages     = {456--464},
  volume    = {35},
  journal   = {Industrial Robot: An International Journal},
  publisher = {Emerald Group Publishing Limited},
}

@Article{LianWanWan2019,
  author  = {Binbin Lian and Xi Vinvent Wang and Lihui Wang},
  title   = {Static and dynamic optimization of a pose adjusting mechanism considering parameter changes during construction},
  doi     = {10.1016/j.rcim.2019.04.008},
  issn    = {0736-5845},
  pages   = {267--277},
  volume  = {59},
  journal = {Robotics and Computer-Integrated Manufacturing},
  year    = {2019},
}


@InProceedings{PetterssonAndKru2005,
  author       = {Pettersson, Marcus and Andersson, Johan and Krus, Petter},
  booktitle    = {ASME 2005 International Design Engineering Technical Conferences and Computers and Information in Engineering Conference},
  title        = {Methods for discrete design optimization},
  organization = {American Society of Mechanical Engineers},
  pages        = {295--303},
  year         = {2005},
}

@WWW{GitHub_StructDimSynth,
  author   = {Moritz Schappler},
  title    = {Matlab Toolbox for Structural and Dimensional Robot Synthesis},
  url      = {https://github.com/SchapplM/robsynth-structdimsynth},
  urldate  = {2024-10-31},
  keywords = {GitHub},
  xxnote   = {accessed at 31st of October, 2024},
  year     = {2021},
}


@InCollection{MerletPerDan2000,
  author    = {Merlet, J-P and Perng, M-W and Daney, David},
  booktitle = {Advances in Robot Kinematics},
  title     = {Optimal trajectory planning of a 5-axis machine-tool based on a 6-axis parallel manipulator},
  doi       = {10.1007/978-94-011-4120-8_33},
  pages     = {315--322},
  publisher = {Springer},
  year      = {2000},
}

@Article{GaoCheGaoXia2019,
  author  = {Yin Gao and Ke Chen and Hong Gao and Ping Xiao and Lei Wang},
  title   = {Small-angle perturbation method for moving platform orientation to avoid singularity of asymmetrical 3-{RRR} planner [sic!] parallel manipulator},
  doi     = {10.1007/s40430-019-2012-4},
  issn    = {1678-5878},
  pages   = {1--18},
  volume  = {41},
  journal = {Journal of The Brazilian Society of Mechanical Sciences and Engineering},
  year    = {2019},
}

@InProceedings{ArinoWilRusGry2015,
  author       = {Arino, Xavier and de Wilde, Jaap and Russo, Massimiliano and Grytøyr, Guttorm and Tognarelli, Michael},
  booktitle    = {International Conference on Offshore Mechanics and Arctic Engineering},
  title        = {Forced oscillation model tests for determination of hydrodynamic coefficients of large subsea blowout preventers},
  doi          = {10.1115/OMAE2015-41866},
  organization = {American Society of Mechanical Engineers},
  volume       = {Volume 1: Offshore Technology; Offshore Geotechnics},
  month        = {05},
  year         = {2015},
}

@Article{WangZha2017,
  author  = {Ruizhou Wang and Xianmin Zhang},
  title   = {Optimal design of a planar parallel 3-{DOF} nanopositioner with multi-objective},
  doi     = {10.1016/j.mechmachtheory.2017.02.005},
  issn    = {0094-114X},
  pages   = {61--83},
  volume  = {112},
  journal = {Mechanism and Machine Theory},
  year    = {2017},
}


@Article{Miller2004,
  author  = {Karol Miller},
  title   = {Optimal Design and Modeling of Spatial Parallel Manipulators},
  doi     = {10.1177/0278364904041322},
  number  = {2},
  pages   = {127--140},
  volume  = {23},
  journal = {The International Journal of Robotics Research},
  year    = {2004},
}

@Article{Bergmann2005,
  author  = {Bergmann, Andreas},
  title   = {The Model Positioning Mechanism of {DNW-NWB} based on a new parallel kinematic},
  journal = {Proceedings of Aerospace Testing Expo at Hamburg-Germany},
  year    = {2005},
}

@InProceedings{GharahsoflooRah2015,
  author    = {Gharahsofloo, Abdolreza and Rahmani, Ali},
  booktitle = {International Journal of Robotics (K.N. Toosi University of Technology)},
  title     = {An efficient algorithm for workspace generation of {D}elta robot},
  location  = {Teheran, Iran},
  groups    = {PKM},
  year      = {2015},
}


@Book{BriotKha2015,
  author    = {Briot, Sébastien and Khalil, Wisama},
  title     = {Dynamics of Parallel Robots},
  doi       = {10.1007/978-3-319-19788-3},
  publisher = {Springer},
  series    = {Mechan. Machine Science},
  volume    = {35},
  year      = {2015},
}

@PhdThesis{Brandstoetter2016,
  author = {Brandstötter, Mathias},
  title  = {Adaptable serial manipulators in modular design},
  doi    = {10.13140/RG.2.2.16537.62565},
  type   = {{PhD} thesis},
  groups = {Maßsynthese},
  school = {Tyrolean Private University UMIT, Institute of Automation and Control Engineering},
  year   = {2016},
}

@InProceedings{MaierEzhFadSum2007,
  author    = {Maier, Jonathan RA and Ezhilan, Thulasiram and Fadel, Georges M and Summers, Joshua D and Mocko, Gregory M and others},
  booktitle = {DS 42: Proceedings of ICED 2007, the 16th International Conference on Engineering Design, Paris, France, 28.-31.07. 2007},
  title     = {A hierarchical requirements modeling scheme to support engineering innovation},
  pages     = {839--840},
  year      = {2007},
}

@InProceedings{RomitiIacRuzKas2023,
  author    = {Romiti, Edoardo and Iacobelli, Francesco and Ruzzon, Marco and Kashiri, Navvab and Malzahn, Jörn and Tsagarakis, Nikos},
  booktitle = {2023 IEEE 19th International Conference on Automation Science and Engineering (CASE)},
  title     = {An Optimization Study on Modular Reconfigurable Robots: Finding the Task-Optimal Design},
  doi       = {10.1109/CASE56687.2023.10260507},
  pages     = {1--8},
  year      = {2023},
}


@PhdThesis{Krefft2006,
  author = {Krefft, Mathias},
  title  = {Aufgabenangepasste Optimierung von Parallelstrukturen für Maschinen in der Produktionstechnik (Task-specific optimization of parallel structures for machines in manufacturing technology)},
  type   = {{PhD} thesis},
  school = {Technische Universität Braunschweig},
  year   = {2006},
}

@InProceedings{SchuetzBudRaaHes2011,
  author    = {Schütz, Daniel and Budde, Christoph and Raatz, Annika and Hesselbach, Jürgen},
  booktitle = {Robotic Systems for Handling and Assembly},
  title     = {Parallel Kinematic Structures of the {SFB} 562},
  doi       = {10.1007/978-3-642-16785-0_7},
  editor    = {Schütz, Daniel and Wahl, Friedrich M.},
  isbn      = {978-3-642-16785-0},
  location  = {Berlin, Heidelberg},
  pages     = {109--124},
  publisher = {Springer Berlin Heidelberg},
  year      = {2011},
}

@PhdThesis{Otremba2005,
  author    = {Otremba, Robert},
  title     = {Systematische Entwicklung von Gelenken für Parallelroboter},
  type      = {{PhD} thesis},
  publisher = {Logos-Verlag},
  school    = {Technische Universität Braunschweig},
  year      = {2005},
}

@Article{QiSunSon2018,
  author  = {Qi, Yang and Sun, Tao and Song, Yimin},
  title   = {Multi-Objective Optimization of Parallel Tracking Mechanism Considering Parameter Uncertainty},
  doi     = {10.1115/1.4039771},
  issn    = {1942-4302},
  number  = {4},
  pages   = {041006},
  volume  = {10},
  groups  = {Maßsynthese},
  journal = {Journal of Mechanisms and Robotics},
  year    = {2018},
}


@Article{CoelloPulLec2004,
  author    = {Coello, Carlos A Coello and Pulido, Gregorio Toscano and Lechuga, M Salazar},
  title     = {Handling multiple objectives with particle swarm optimization},
  doi       = {10.1109/TEVC.2004.826067},
  number    = {3},
  pages     = {256--279},
  volume    = {8},
  journal   = {IEEE Transactions on evolutionary computation},
  publisher = {IEEE},
  year      = {2004},
}


@Article{GosselinSch2018,
  author  = {Gosselin, Clément and Schreiber, Louis-Thomas},
  title   = {{Redundancy in Parallel Mechanisms: A Review}},
  doi     = {10.1115/1.4038931},
  issn    = {0003-6900},
  number  = {1},
  volume  = {70},
  journal = {Applied Mechanics Reviews},
  month   = {01},
  year    = {2018},
}

@Article{AgarwalNasBan2016,
  author  = {Abhishek Agarwal and Chaman Nasa and Sandipan Bandyopadhyay},
  title   = {Dynamic singularity avoidance for parallel manipulators using a task-priority based control scheme},
  doi     = {10.1016/j.mechmachtheory.2015.07.013},
  issn    = {0094-114X},
  pages   = {107--126},
  volume  = {96},
  journal = {Mechanism and Machine Theory},
  year    = {2016},
}

@WWW{MatlabGOT,
  author  = {{MathWorks (The MathWorks, Inc.)}},
  title   = {Global Optimization Toolbox},
  url     = {https://mathworks.com/help/gads},
  urldate = {2024-10-31},
  xxnote  = {accessed at 31st of October, 2024},
}

@Conference{SchapplerTapOrt2019b,
  author    = {Schappler, M. and Tappe, S. and Ortmaier, T.},
  booktitle = {Proc. of the 15th IFToMM World Congress},
  title     = {Exploiting Dynamics Parameter Linearity for Design Optimization in Combined Structural and Dimensional Robot Synthesis},
  doi       = {10.1007/978-3-030-20131-9_193},
  note      = {The author's version of the accepted manuscript is available at \url{https://doi.org/10.15488/10211} free of charge.},
  keywords  = {EigenePublikation},
  month     = {10},
  year      = {2019},
}

@Article{RaoRaoSah2005,
  author    = {Rao, Abbaraju Bala Koteswara and Rao, PV Madhusudhan and Saha, Subir Kumar},
  title     = {Dimensional design of hexaslides for optimal workspace and dexterity},
  doi       = {10.1109/TRO.2004.842353},
  number    = {3},
  pages     = {444--449},
  volume    = {21},
  comment   = {Definition HexaSlide, Maßsynthese für nicht-parallele Linearachsen des 6-PUS},
  journal   = {IEEE transactions on robotics},
  publisher = {IEEE},
  year      = {2005},
}

@Article{SchapplerTapOrt2019c,
  author    = {Schappler, Moritz and Tappe, Svenja and Ortmaier, Tobias},
  title     = {Modeling Parallel Robot Kinematics for 3T2R and 3T3R Tasks Using Reciprocal Sets of Euler Angles},
  doi       = {10.3390/robotics8030068},
  issn      = {2218-6581},
  issue     = {Special Issue "Kinematics and Robot Design II"},
  number    = {3},
  volume    = {8},
  journal   = {MDPI Robotics},
  keywords  = {EigenePublikation},
  publisher = {Multidisciplinary Digital Publishing Institute},
  xxnote    = {\textsc{Matlab} code to produce the results is available at \url{https://github.com/SchapplM/robsynth-paper_mdpirobotics2019}},
  year      = {2019},
}


@InProceedings{Padilla-GarciaCruRod2015,
  author    = {Padilla-García, Erick A and Cruz-Villar, Carlos A and Rodriguez-Angeles, A},
  booktitle = {14th IFToMM World Congress},
  title     = {Multi-Objective Design/Control Optimization on the Power Train of Robot Manipulators using a Genetic Algorithm},
  doi       = {10.6567/IFToMM.14TH.WC.OS13.079},
  year      = {2015},
}

@Article{VulliezZegKha2018,
  author  = {Margot Vulliez and Said Zeghloul and Oussama Khatib},
  title   = {Design strategy and issues of the {Delthaptic}, a new {6-DOF} parallel haptic device},
  doi     = {10.1016/j.mechmachtheory.2018.06.015},
  issn    = {0094-114X},
  pages   = {395--411},
  volume  = {128},
  groups  = {Maßsynthese},
  journal = {Mechanism and Machine Theory},
  year    = {2018},
}
